@inproceedings{yohannis2017turning,
  title={Turning Models Inside Out},
  author={Yohannis, Alfa and Polack, Fiona and Kolovos, Dimitris},
  booktitle={Proceedings of the 3rd Workshop on Flexible Model Driven Engineering co-located with ACM\/IEEE 20th International Conference on Model Driven Engineering Languages and Systems (MoDELS 2017)},
  year={2017}
}

@inproceedings{koegel2010emfstore,
	author    = {Maximilian Koegel and
	Jonas Helming},
	title     = {EMFStore: a model repository for {EMF} models},
	booktitle = {Proceedings of the 32nd {ACM/IEEE} International Conference on Software
	Engineering - Volume 2, {ICSE} 2010, Cape Town, South Africa, 1-8
	May 2010},
	pages     = {307--308},
	year      = {2010},
	url       = {http://doi.acm.org/10.1145/1810295.1810364},
	doi       = {10.1145/1810295.1810364},
	timestamp = {Mon, 15 Jun 2015 19:00:08 +0200},
	biburl    = {http://dblp.org/rec/bib/conf/icse/KoegelH10},
	bibsource = {dblp computer science bibliography, http://dblp.org}
}